/home/antonin/Documents/Biblio/references.bib